<record><leader>00000cas a22000007a 4500</leader><controlfield tag="001">26123923</controlfield><controlfield tag="008">920702d190419uuncuwr ne      0    0eng d</controlfield><controlfield tag="009">13381</controlfield><datafield ind1=" " ind2=" " tag="010"><subfield code="a">sn 92073118 </subfield></datafield><datafield ind1=" " ind2=" " tag="040"><subfield code="a">NVJ</subfield><subfield code="b">eng</subfield><subfield code="c">NVJ</subfield></datafield><datafield ind1=" " ind2=" " tag="042"><subfield code="a">msc</subfield></datafield><datafield ind1="0" ind2="0" tag="245"><subfield code="a">Salisbury globe.</subfield></datafield><datafield ind1=" " ind2=" " tag="260"><subfield code="a">Salisbury, N.C. :</subfield><subfield code="b">Globe Pub. Co.,</subfield></datafield><datafield ind1=" " ind2=" " tag="300"><subfield code="a">v.</subfield></datafield><datafield ind1=" " ind2=" " tag="310"><subfield code="a">Weekly</subfield></datafield><datafield ind1="0" ind2=" " tag="362"><subfield code="a">Vol. 17, no. 25 (Jan. 6, 1904)-</subfield></datafield><datafield ind1=" " ind2=" " tag="752"><subfield code="a">United States</subfield><subfield code="b">North Carolina</subfield><subfield code="c">Rowan</subfield><subfield code="d">Salisbury.</subfield></datafield><datafield ind1="0" ind2="0" tag="780"><subfield code="t">Salisbury semi-weekly truth-index</subfield><subfield code="w">(DLC)sn 92073117</subfield></datafield><datafield ind1="0" ind2="5" tag="780"><subfield code="t">Salisbury weekly sun</subfield><subfield code="w">(DLC)sn 92073113</subfield></datafield></record>